<record><leader>00000cas a22000007a 4500</leader><controlfield tag="001">17237175</controlfield><controlfield tag="008">871214d19061908ohudn ne      0    0eng d</controlfield><datafield ind1=" " ind2=" " tag="010"><subfield code="a">sn 87076901 </subfield></datafield><datafield ind1=" " ind2=" " tag="040"><subfield code="a">ONP</subfield><subfield code="b">eng</subfield><subfield code="c">ONP</subfield><subfield code="d">OCLCQ</subfield></datafield><datafield ind1=" " ind2=" " tag="042"><subfield code="a">msc</subfield></datafield><datafield ind1="0" ind2=" " tag="130"><subfield code="a">Springfield gazette (Springfield, Ohio : 1906)</subfield></datafield><datafield ind1="1" ind2="4" tag="245"><subfield code="a">The Springfield gazette.</subfield></datafield><datafield ind1=" " ind2=" " tag="260"><subfield code="a">Springfield, Ohio :</subfield><subfield code="b">Gazette Pub. Co.,</subfield><subfield code="c">1906-1908.</subfield></datafield><datafield ind1=" " ind2=" " tag="300"><subfield code="a">v.</subfield></datafield><datafield ind1=" " ind2=" " tag="310"><subfield code="a">Daily (except Sun.),</subfield><subfield code="b">Nov. 19, 1906-June 18, 1908</subfield></datafield><datafield ind1=" " ind2=" " tag="321"><subfield code="a">Daily,</subfield><subfield code="b">May 7, 1906-Nov. 17, 1906</subfield></datafield><datafield ind1="0" ind2=" " tag="362"><subfield code="a">Vol. 52, no. 132 (May 7, 1906)-v. 27, no. 125 (June 18, 1908).</subfield></datafield><datafield ind1=" " ind2="4" tag="651"><subfield code="a">Springfield</subfield><subfield code="v">Newspapers.</subfield></datafield><datafield ind1=" " ind2="4" tag="651"><subfield code="a">Clark County (Ohio)</subfield><subfield code="v">Newspapers.</subfield></datafield><datafield ind1=" " ind2=" " tag="752"><subfield code="a">United States</subfield><subfield code="b">Ohio</subfield><subfield code="c">Clark</subfield><subfield code="d">Springfield.</subfield></datafield><datafield ind1="0" ind2="0" tag="780"><subfield code="t">Daily Republican gazette</subfield><subfield code="w">(DLC)sn 87076900</subfield></datafield><datafield ind1="0" ind2="0" tag="785"><subfield code="t">Springfield times and the Republican gazette</subfield><subfield code="w">(DLC)sn 87076902</subfield></datafield><datafield ind1="1" ind2=" " tag="029"><subfield code="a">AU@</subfield><subfield code="b">000025802542</subfield></datafield></record>